@article{Patterson_2012,
author = {Patterson, Nick J. and Moorjani, Priya and Luo, Yontao and Mallick, Swapan and Rohland, Nadin and Zhan, Yiping and Genschoreck, Teri and Webster, Teresa and Reich, David}, 
title = {Ancient Admixture in Human History}, 
year = {2012}, 
doi = {10.1534/genetics.112.145037}, 
URL = {http://www.genetics.org/content/early/2012/09/06/genetics.112.145037.abstract}, 
eprint = {http://www.genetics.org/content/early/2012/09/06/genetics.112.145037.full.pdf+html}, 
journal = {Genetics, doi:10.1534/genetics.112.145037} 
}

@article{Patterson_2006, title={Population Structure and Eigenanalysis}, volume={2}, umber={12}, journal={PLoS Genetics}, publisher={Public Library of Science}, author={Patterson, N and Price, A L and Reich, D}, editor={Allison, David BEditor}, year={2006}, pages={20}}

@article{Chen_2007, title={Bayesian clustering algorithms ascertaining spatial population structure: a new computer program and a comparison study}, volume={7}, url={http://www.blackwell-synergy.com/doi/abs/10.1111/j.1471-8286.2007.01769.x}, number={5}, journal={Molecular Ecology Notes}, publisher={Oxford, England: Blackwell Science, c2001-c2007.}, author={Chen, Chibiao and Durand, Eric and Forbes, Florence and Fran\c{c}ois, Olivier}, year={2007}, pages={747--756}}

@article{Pritchard_2000, title={Inference of population structure using multilocus genotype data.}, volume={155}, number={2}, journal={Genetics}, publisher={Genetics Soc America}, author={Pritchard, J K and Stephens, M and Donnelly, P}, year={2000}, pages={945--959}}

@article{Durand_2009, title={Spatial inference of admixture proportions and secondary contact zones.}, volume={26}, url={http://www.ncbi.nlm.nih.gov/pubmed/19461114}, number={9}, journal={Molecular Biology and Evolution}, publisher={OXFORD UNIV PRESS}, author={Durand, E and Jay, F and Gaggiotti, O E and Fran\c{c}ois, O}, year={2009}, pages={1963--1973}}


